<record><leader>00000cas a22000007a 4500</leader><controlfield tag="001">18493483</controlfield><controlfield tag="008">880916d19491951nyuwr ne      0    0eng d</controlfield><controlfield tag="009">550</controlfield><datafield ind1=" " ind2=" " tag="010"><subfield code="a">sn 88074754 </subfield></datafield><datafield ind1=" " ind2=" " tag="040"><subfield code="a">NYS</subfield><subfield code="b">eng</subfield><subfield code="c">NYS</subfield><subfield code="d">OCLCQ</subfield></datafield><datafield ind1="1" ind2=" " tag="029"><subfield code="a">AU@</subfield><subfield code="b">000020660762</subfield></datafield><datafield ind1=" " ind2=" " tag="042"><subfield code="a">msc</subfield></datafield><datafield ind1="0" ind2="0" tag="245"><subfield code="a">East Rochester despatch.</subfield></datafield><datafield ind1="1" ind2="7" tag="246"><subfield code="a">Despatch</subfield></datafield><datafield ind1=" " ind2=" " tag="260"><subfield code="a">East Rochester, N.Y. :</subfield><subfield code="b">Empire State Weeklies,</subfield><subfield code="c">1949-1951.</subfield></datafield><datafield ind1=" " ind2=" " tag="300"><subfield code="a">v.</subfield></datafield><datafield ind1=" " ind2=" " tag="310"><subfield code="a">Weekly</subfield></datafield><datafield ind1="0" ind2=" " tag="362"><subfield code="a">Vol. 1, no. 1 (Feb. 25, 1949)-v. 3, no. 41 (Dec. 14, 1951).</subfield></datafield><datafield ind1=" " ind2=" " tag="500"><subfield code="a">Published in Rochester, N.Y., &lt;Jan. 6, 1950&gt;.</subfield></datafield><datafield ind1=" " ind2="4" tag="651"><subfield code="a">Rochester (N.Y.)</subfield><subfield code="v">Newspapers.</subfield></datafield><datafield ind1=" " ind2="4" tag="651"><subfield code="a">East Rochester (N.Y.)</subfield><subfield code="v">Newspapers.</subfield></datafield><datafield ind1=" " ind2=" " tag="752"><subfield code="a">United States</subfield><subfield code="b">New York</subfield><subfield code="c">Monroe</subfield><subfield code="d">Rochester.</subfield></datafield><datafield ind1=" " ind2=" " tag="752"><subfield code="a">United States</subfield><subfield code="b">New York</subfield><subfield code="c">Monroe</subfield><subfield code="d">East Rochester.</subfield></datafield></record>